<?xml version="1.0" encoding="UTF-8"?><record xmlns="http://www.loc.gov/MARC21/slim" xmlns:cinclude="http://apache.org/cocoon/include/1.0" xmlns:zs="http://www.loc.gov/zing/srw/">
  <leader>00463cz  a2200133n  4500</leader>
  <controlfield tag="001">n  88176664 </controlfield>
  <controlfield tag="003">DLC</controlfield>
  <controlfield tag="005">19891017170536.0</controlfield>
  <controlfield tag="008">890908n| acannaab|          |a aaa |||  </controlfield>
  <datafield tag="010" ind1=" " ind2=" ">
    <subfield code="a">n  88176664 </subfield>
  </datafield>
  <datafield tag="040" ind1=" " ind2=" ">
    <subfield code="a">DLC</subfield>
    <subfield code="c">DLC</subfield>
    <subfield code="d">DLC</subfield>
  </datafield>
  <datafield tag="100" ind1="1" ind2="0">
    <subfield code="a">Saxena, Aruna,</subfield>
    <subfield code="d">1944-</subfield>
  </datafield>
  <datafield tag="400" ind1="0" ind2="0">
    <subfield code="a">Aruna Saxena,</subfield>
    <subfield code="d">1944-</subfield>
  </datafield>
  <datafield tag="670" ind1=" " ind2=" ">
    <subfield code="a">Her Perspectives in industrial geography, 1989:</subfield>
    <subfield code="b">t.p. (Aruna Saxena) t.p. verso (b. 1944) jkt. (Dr. (Mrs.); M.A., Ph. D. ; lect. in geog., M.M.H. Coll., Ghaziabad)</subfield>
  </datafield>
</record>